<record><leader>00000nas a2200000 i 4500</leader><controlfield tag="001">951437162</controlfield><controlfield tag="006">m     o  d        </controlfield><controlfield tag="007">cr |||||||||||</controlfield><controlfield tag="008">160608d18431852scuwr neo     0   a0eng  </controlfield><datafield ind1=" " ind2=" " tag="010"><subfield code="a">  2016271112</subfield></datafield><datafield ind1=" " ind2=" " tag="040"><subfield code="a">DLC</subfield><subfield code="b">eng</subfield><subfield code="e">rda</subfield><subfield code="c">DLC</subfield></datafield><datafield ind1="0" ind2=" " tag="022"><subfield code="a">2472-9213</subfield><subfield code="2">1</subfield></datafield><datafield ind1=" " ind2=" " tag="042"><subfield code="a">pcc</subfield><subfield code="a">nsdp</subfield></datafield><datafield ind1=" " ind2=" " tag="043"><subfield code="a">n-us-sc</subfield></datafield><datafield ind1="1" ind2="0" tag="050"><subfield code="a">ISSN RECORD</subfield></datafield><datafield ind1="1" ind2="0" tag="082"><subfield code="a">071</subfield><subfield code="2">23</subfield></datafield><datafield ind1="0" ind2=" " tag="130"><subfield code="a">Spartan (Spartanburg, S.C. : 1843)</subfield></datafield><datafield ind1=" " ind2="4" tag="222"><subfield code="a">The Spartan</subfield><subfield code="b">(Spartanburg, S.C. 1843. Online)</subfield></datafield><datafield ind1="1" ind2="4" tag="245"><subfield code="a">The Spartan.</subfield></datafield><datafield ind1=" " ind2="1" tag="264"><subfield code="a">Spartanburg, S.C. :</subfield><subfield code="b">T. Wilson</subfield></datafield><datafield ind1=" " ind2=" " tag="300"><subfield code="a">1 online resource</subfield></datafield><datafield ind1=" " ind2=" " tag="310"><subfield code="a">Weekly</subfield></datafield><datafield ind1=" " ind2=" " tag="336"><subfield code="a">text</subfield><subfield code="b">txt</subfield><subfield code="2">rdacontent</subfield></datafield><datafield ind1=" " ind2=" " tag="337"><subfield code="a">computer</subfield><subfield code="b">c</subfield><subfield code="2">rdamedia</subfield></datafield><datafield ind1=" " ind2=" " tag="338"><subfield code="a">online resource</subfield><subfield code="b">cr</subfield><subfield code="2">rdacarrier</subfield></datafield><datafield ind1="1" ind2=" " tag="362"><subfield code="a">Began with volume I, no. 1 (December 22, 1843). Ceased in 1852?</subfield></datafield><datafield ind1=" " ind2=" " tag="500"><subfield code="a">Publisher: P. M. Wallace, &lt;June 28, 1849&gt;.</subfield></datafield><datafield ind1=" " ind2=" " tag="588"><subfield code="a">Description based on: Volume I, no. 30 (July 17, 1844); title from masthead (Chroniclingamerica.loc.gov, viewed June 8, 2016).</subfield></datafield><datafield ind1=" " ind2=" " tag="588"><subfield code="a">Latest issue consulted: Volume VI, number 22 (June 28, 1849) (Chroniclingamerica.loc.gov, viewed June 8, 2016).</subfield></datafield><datafield ind1=" " ind2="0" tag="651"><subfield code="a">Spartanburg (S.C.)</subfield><subfield code="v">Newspapers.</subfield></datafield><datafield ind1=" " ind2="0" tag="651"><subfield code="a">Spartanburg County (S.C.)</subfield><subfield code="v">Newspapers.</subfield></datafield><datafield ind1=" " ind2="7" tag="651"><subfield code="a">South Carolina</subfield><subfield code="z">Spartanburg.</subfield><subfield code="2">fast</subfield><subfield code="0">(OCoLC)fst01202729</subfield></datafield><datafield ind1=" " ind2="7" tag="651"><subfield code="a">South Carolina</subfield><subfield code="z">Spartanburg County.</subfield><subfield code="2">fast</subfield><subfield code="0">(OCoLC)fst01210992</subfield></datafield><datafield ind1=" " ind2="7" tag="655"><subfield code="a">Newspapers.</subfield><subfield code="2">fast</subfield><subfield code="0">(OCoLC)fst01423814</subfield></datafield><datafield ind1=" " ind2=" " tag="752"><subfield code="a">United States</subfield><subfield code="b">South Carolina</subfield><subfield code="c">Spartanburg</subfield><subfield code="d">Spartanburg.</subfield></datafield><datafield ind1="0" ind2="8" tag="776"><subfield code="i">Originally issued in print:</subfield><subfield code="t">Spartan (Spartanburg, S.C. : 1843)</subfield><subfield code="x">2472-9205</subfield><subfield code="w">(DLC)sn 86071065</subfield><subfield code="w">(OCoLC)13090366</subfield></datafield><datafield ind1="0" ind2="0" tag="785"><subfield code="t">Carolina Spartan (Spartanburg, S.C. : 1852)</subfield></datafield><datafield ind1="4" ind2="0" tag="856"><subfield code="u">http://chroniclingamerica.loc.gov/lccn/sn86071065/issues/</subfield></datafield></record>